%% This BibTeX bibliography file was created using BibDesk.
%% http://bibdesk.sourceforge.net/


%% Created for Jonatan Strube at 2014-12-16 10:15:05 +0100 


%% Saved with string encoding Unicode (UTF-8) 



@misc{url:git,
	Date-Added = {2014-12-16 08:46:14 +0000},
	Date-Modified = {2014-12-16 09:14:20 +0000},
	Howpublished = {http://git-scm.com/book/de/v1/Git-auf-dem-Server-GitWeb},
	Keywords = {Visual Analytics, git},
	Lastchecked = {2014-12-16},
	Title = {Git auf dem {S}erver - {G}it{W}eb},
	Bdsk-Url-1 = {http://www.pro-linux.de/kurztipps/2/1674/visualisieren-von-repositorien-mit-gource.html}}

@misc{url:gitready,
	Date-Added = {2014-12-16 08:44:41 +0000},
	Date-Modified = {2014-12-16 09:14:06 +0000},
	Howpublished = {http://de.gitready.com/intermediate/2009/01/13/visualizing-your-repo.html},
	Keywords = {Visual Analytics, git},
	Lastchecked = {2014-12-16},
	Title = {Das {R}epository visualisieren},
	Bdsk-Url-1 = {http://www.pro-linux.de/kurztipps/2/1674/visualisieren-von-repositorien-mit-gource.html}}

@misc{url:svn-gource,
	Date-Added = {2014-12-16 08:42:39 +0000},
	Date-Modified = {2014-12-16 09:15:05 +0000},
	Howpublished = {http://www.pro-linux.de/kurztipps/2/1674/visualisieren-von-repositorien-mit-gource.html},
	Keywords = {Visual Analytics, git},
	Lastchecked = {2014-12-16},
	Title = {Visualisieren von {R}epositorien mit {G}ource},
	Bdsk-Url-1 = {http://www.pro-linux.de/kurztipps/2/1674/visualisieren-von-repositorien-mit-gource.html}}

@misc{url:git-scm,
	Date-Added = {2014-12-16 08:41:23 +0000},
	Date-Modified = {2014-12-16 09:14:30 +0000},
	Howpublished = {http://git-scm.com/},
	Keywords = {git},
	Lastchecked = {2014-12-16},
	Title = {git-{SCM}},
	Bdsk-Url-1 = {http://git-scm.com/}}

@book{pascal:semanic-web,
	Author = {Hitzler, Pascal},
	Date-Added = {2014-12-16 08:27:23 +0000},
	Date-Modified = {2014-12-16 08:49:16 +0000},
	Keywords = {semantic web},
	Publisher = {Springer},
	Title = {Semantic Web / Grundlagen},
	Year = {2008}}

@misc{DIN:EN-ISO-14915-3,
	Author = {DIN Deutsches Institut f{\"u}r Normung e.V.},
	Date-Added = {2014-12-16 08:08:54 +0000},
	Date-Modified = {2014-12-16 08:23:01 +0000},
	Keywords = {iso},
	Month = {4},
	Title = {Software-Ergonomie f{\"u}r Multimedia-Benutzungsschnittstellen DIN EN ISO 14915-3},
	Volume = {3},
	Volumetitle = {Auswahl und Kombination von Medien},
	Year = {2003}}

@misc{DIN:EN-ISO-14915-2,
	Author = {DIN Deutsches Institut f{\"u}r Normung e.V.},
	Date-Added = {2014-12-16 08:08:02 +0000},
	Date-Modified = {2014-12-16 08:22:58 +0000},
	Keywords = {iso},
	Month = {11},
	Title = {Software-Ergonomie f{\"u}r Multimedia-Benutzungsschnittstellen DIN EN ISO 14915-2},
	Volume = {2},
	Volumetitle = {Multimedia-Navigation und Steuerung},
	Year = {2003}}

@misc{DIN:EN-ISO-14915-1,
	Author = {DIN Deutsches Institut f{\"u}r Normung e.V.},
	Date-Added = {2014-12-16 08:05:22 +0000},
	Date-Modified = {2014-12-16 08:22:53 +0000},
	Keywords = {iso},
	Month = {4},
	Title = {Software-Ergonomie f{\"u}r Multimedia-Benutzungsschnittstellen DIN EN ISO 14915-1},
	Volume = {1},
	Volumetitle = {Gestaltungsgrunds{\"a}tze und Rahmenbedingungen},
	Year = {2003}}

@article{borisenko:graph-representation,
	Author = {Borisenko, V. V. and Lakhno, A. P. and Chepovskiy A. M.},
	Date-Added = {2014-12-16 08:02:19 +0000},
	Date-Modified = {2014-12-16 08:22:49 +0000},
	Journal = {Journal of Mathematical Sciences},
	Keywords = {Graph Visualization, semantic web},
	Month = {08},
	Title = {Special Graph Representations and Visualization of Semantic Networks},
	Volume = {185},
	Year = {2012}}

@article{goldberg:visualization-evaluation,
	Author = {Goldberg, Joseph and Helfman, Jonathan},
	Date-Added = {2014-12-16 08:00:42 +0000},
	Date-Modified = {2014-12-16 08:22:38 +0000},
	Journal = {Information Visualization},
	Keywords = {evaluation, information visualization, eye tracking, information graphics},
	Month = {7},
	Title = {Eye tracking for visualization evaluation: Reading values on linear versus radial graphs},
	Year = {2011}}

@webpage{driessen:branching-model,
	Author = {Driessen, Vincent},
	Date-Added = {2014-12-16 07:57:13 +0000},
	Date-Modified = {2014-12-16 08:22:24 +0000},
	Keywords = {git, Graph Visualization},
	Lastchecked = {2014-12-16},
	Month = {01},
	Title = {A successful Git branching model},
	Url = {http://nvie.com/archives/323},
	Year = {2010},
	Bdsk-Url-1 = {http://nvie.com/archives/323}}

@article{dadzie:linked-data,
	Author = {Dadzie, Aba-Sah and Rowe, Matthew},
	Date-Added = {2014-12-16 07:54:23 +0000},
	Date-Modified = {2014-12-16 08:22:28 +0000},
	Journal = {Semantic Web 1},
	Keywords = {Linked Data, Information Visualisation, Visual Analytics, User-centred Design, Users, Consumption},
	Title = {Approaches to Visualising Linked Data: A Survey},
	Year = {2011}}

@mastersthesis{brandl:versionsverwaltung,
	Author = {Brandl, Benjamin},
	Date-Added = {2014-12-16 07:52:18 +0000},
	Date-Modified = {2014-12-16 08:22:32 +0000},
	Keywords = {revision},
	Month = {04},
	School = {Universit{\"a}t Passau},
	Title = {Ein empirischer Vergleich von semistrukturierter und unstrukturierter Konfliktbehandlung in Versionsverwaltungssystemen},
	Year = {2011}}

@article{tarawneh:graph-visualization,
	Author = {Tarawneh, Raga'ad M. and Keller, Patric and Ebert, Achim},
	Date-Added = {2014-12-16 07:47:44 +0000},
	Date-Modified = {2014-12-16 08:22:18 +0000},
	Journal = {IRTG 1131 -- Visualization of Large and Unstructured Data Sets Workshop},
	Keywords = {Graph Visualization, Layout Algorithms, Graph Drawing, Interaction Techniques},
	Title = {A General Introduction To Graph Visualization Techniques},
	Year = {2011}}

@article{graube:r43ples,
	Author = {Graube, Markus and Hensel, Stephan and Urbas, Leon},
	Date-Added = {2014-12-16 07:40:28 +0000},
	Date-Modified = {2014-12-16 08:22:42 +0000},
	Journal = {1st Workshop on Linked Data Quality},
	Keywords = {r43ples, semantic web, revision},
	Month = {09},
	Read = {1},
	Title = {R43ples: Revisions for Triples},
	Year = {2014}}
